[gd_scene load_steps=13 format=1]

[ext_resource path="res://scenes/splash/pyramid_bg.png" type="Texture" id=1]
[ext_resource path="res://scenes/splash/pyramid.png" type="Texture" id=2]
[ext_resource path="res://scenes/player/player.tscn" type="PackedScene" id=3]

[sub_resource type="ConvexPolygonShape2D" id=7]

custom_solver_bias = 0.0
points = Vector2Array( -344.531, 321.867, -42.1875, -185.867, 28.125, -185.867, 330.469, 330.933 )

[sub_resource type="ConvexPolygonShape2D" id=8]

custom_solver_bias = 0.0
points = Vector2Array( 0, 680, -14.0625, 698.133, -14.0625, -27.2, 0, 9.06667 )

[sub_resource type="ConvexPolygonShape2D" id=9]

custom_solver_bias = 0.0
points = Vector2Array( 928.125, 707.2, -14.0625, 698.133, 0, 680, 907.031, 680 )

[sub_resource type="ConvexPolygonShape2D" id=10]

custom_solver_bias = 0.0
points = Vector2Array( 921.094, -18.1333, 928.125, 707.2, 907.031, 680, 900, 0 )

[sub_resource type="ConvexPolygonShape2D" id=11]

custom_solver_bias = 0.0
points = Vector2Array( -14.0625, -27.2, 921.094, -18.1333, 900, 0, 0, 9.06667 )

[sub_resource type="GDScript" id=12]

script/source = "\nextends Button\n\n# member variables here, example:\n# var a=2\n# var b=\"textvar\"\n\nfunc _ready():\n\t# Called every time the node is added to the scene.\n\t# Initialization here\n\tconnect(\"pressed\", self, \"_on_pressed\")\n\tpass\n\t\nfunc _on_pressed():\n\tOS.shell_open(\"https://gitlab.com/LLafodog/LDJAM_36\")\n\n\n"

[sub_resource type="GDScript" id=13]

script/source = "\nextends Button\n\n# member variables here, example:\n# var a=2\n# var b=\"textvar\"\n\nfunc _ready():\n\t# Called every time the node is added to the scene.\n\t# Initialization here\n\tconnect(\"pressed\", self, \"_on_pressed\")\n\tpass\n\t\nfunc _on_pressed():\n\tOS.shell_open(\"https://godotengine.org/\")\n\n\n"

[sub_resource type="GDScript" id=14]

script/source = "\nextends Button\n\n# member variables here, example:\n# var a=2\n# var b=\"textvar\"\n\nfunc _ready():\n\t# Called every time the node is added to the scene.\n\t# Initialization here\n\tconnect(\"pressed\", self, \"_on_pressed\")\n\tpass\n\t\nfunc _on_pressed():\n\tOS.shell_open(\"https://docs.krita.org/Main_Page\")\n\n\n"

[sub_resource type="GDScript" id=15]

script/source = "\nextends Button\n\n# member variables here, example:\n# var a=2\n# var b=\"textvar\"\n\nfunc _ready():\n\t# Called every time the node is added to the scene.\n\t# Initialization here\n\tconnect(\"pressed\", self, \"_on_pressed\")\n\tpass\n\t\nfunc _on_pressed():\n\tget_tree().quit()\n"

[node name="Sprite" type="Sprite"]

transform/scale = Vector2( 1.13778, 0.882353 )
texture = ExtResource( 1 )
centered = false

[node name="Sprite" type="Sprite" parent="."]

transform/pos = Vector2( 829.688, 358.133 )
transform/scale = Vector2( 1, 1 )
texture = ExtResource( 2 )

[node name="StaticBody2D" type="StaticBody2D" parent="Sprite"]

input/pickable = false
shapes/0/shape = SubResource( 7 )
shapes/0/transform = Matrix32( 1, 0, 0, 1, 0, 0 )
shapes/0/trigger = false
collision/layers = 1
collision/mask = 1
constant_linear_velocity = Vector2( 0, 0 )
constant_angular_velocity = 0.0
friction = 1.0
bounce = 0.0

[node name="CollisionPolygon2D" type="CollisionPolygon2D" parent="Sprite/StaticBody2D"]

build_mode = 0
polygon = Vector2Array( -344.531, 321.867, -42.1875, -185.867, 28.125, -185.867, 330.469, 330.933 )
shape_range = Vector2( 0, 0 )
trigger = false

[node name="player" parent="." instance=ExtResource( 3 )]

editor/display_folded = true
transform/pos = Vector2( 432.781, 548.8 )

[node name="light" parent="player"]

transform/pos = Vector2( 1.4375, 1.06665 )
enabled = false

[node name="camera" parent="player"]

current = false

[node name="StaticBody2D" type="StaticBody2D" parent="."]

input/pickable = false
shapes/0/shape = SubResource( 8 )
shapes/0/transform = Matrix32( 1, 0, 0, 1, 1.40625, 2.72005 )
shapes/0/trigger = false
shapes/1/shape = SubResource( 9 )
shapes/1/transform = Matrix32( 1, 0, 0, 1, 1.40625, 2.72005 )
shapes/1/trigger = false
shapes/2/shape = SubResource( 10 )
shapes/2/transform = Matrix32( 1, 0, 0, 1, 1.40625, 2.72005 )
shapes/2/trigger = false
shapes/3/shape = SubResource( 11 )
shapes/3/transform = Matrix32( 1, 0, 0, 1, 1.40625, 2.72005 )
shapes/3/trigger = false
collision/layers = 1
collision/mask = 1
constant_linear_velocity = Vector2( 0, 0 )
constant_angular_velocity = 0.0
friction = 1.0
bounce = 0.0

[node name="CollisionPolygon2D" type="CollisionPolygon2D" parent="StaticBody2D"]

transform/pos = Vector2( 1.40625, 2.72005 )
build_mode = 0
polygon = Vector2Array( 0, 680, 907.031, 680, 900, 0, 0, 9.06667, 0, 680, -14.0625, 698.133, -14.0625, -27.2, 921.094, -18.1333, 928.125, 707.2, -14.0625, 698.133 )
shape_range = Vector2( 0, 3 )
trigger = false

[node name="Label" type="Label" parent="."]

focus/ignore_mouse = true
focus/stop_mouse = true
size_flags/horizontal = 2
size_flags/vertical = 0
margin/left = 35.0
margin/top = 27.0
margin/right = 197.0
margin/bottom = 41.0
custom_colors/font_color = Color( 0, 0, 0, 1 )
text = "A Ludum Dare #36 Game"
percent_visible = 1.0
lines_skipped = 0
max_lines_visible = -1

[node name="Label1" type="Label" parent="."]

focus/ignore_mouse = true
focus/stop_mouse = true
size_flags/horizontal = 2
size_flags/vertical = 0
margin/left = 35.0
margin/top = 45.0
margin/right = 197.0
margin/bottom = 59.0
custom_colors/font_color = Color( 0, 0, 0, 1 )
text = "Produced exclusively by Vegevan"
percent_visible = 1.0
lines_skipped = 0
max_lines_visible = -1

[node name="Label2" type="Label" parent="."]

focus/ignore_mouse = true
focus/stop_mouse = true
size_flags/horizontal = 2
size_flags/vertical = 0
margin/left = 35.0
margin/top = 63.0
margin/right = 246.0
margin/bottom = 77.0
custom_colors/font_color = Color( 0, 0, 0, 1 )
text = "Using the awesome motor : Godot Engine"
percent_visible = 1.0
lines_skipped = 0
max_lines_visible = -1

[node name="Label3" type="Label" parent="."]

focus/ignore_mouse = true
focus/stop_mouse = true
size_flags/horizontal = 2
size_flags/vertical = 0
margin/left = 35.0
margin/top = 109.0
margin/right = 301.0
margin/bottom = 123.0
custom_colors/font_color = Color( 0, 0, 0, 1 )
text = "With love for all the players ;)"
percent_visible = 1.0
lines_skipped = 0
max_lines_visible = -1

[node name="Label4" type="Label" parent="."]

focus/ignore_mouse = true
focus/stop_mouse = true
size_flags/horizontal = 2
size_flags/vertical = 0
margin/left = 35.0
margin/top = 136.0
margin/right = 305.0
margin/bottom = 150.0
custom_colors/font_color = Color( 0, 0, 0, 1 )
text = "Thank you for my first Ludum Dare Game !"
percent_visible = 1.0
lines_skipped = 0
max_lines_visible = -1

[node name="Label5" type="Label" parent="."]

focus/ignore_mouse = true
focus/stop_mouse = true
size_flags/horizontal = 2
size_flags/vertical = 0
margin/left = 7.0
margin/top = 662.0
margin/right = 277.0
margin/bottom = 676.0
custom_colors/font_color = Color( 0, 0, 0, 1 )
text = "And friends are not food: #GoVegan ^^"
percent_visible = 1.0
lines_skipped = 0
max_lines_visible = -1

[node name="Label6" type="Label" parent="."]

focus/ignore_mouse = true
focus/stop_mouse = true
size_flags/horizontal = 2
size_flags/vertical = 0
margin/left = 35.0
margin/top = 82.0
margin/right = 305.0
margin/bottom = 96.0
custom_colors/font_color = Color( 0, 0, 0, 1 )
text = "Using the super graphical editor : Krita !"
percent_visible = 1.0
lines_skipped = 0
max_lines_visible = -1

[node name="Button" type="Button" parent="."]

focus/ignore_mouse = false
focus/stop_mouse = true
size_flags/horizontal = 2
size_flags/vertical = 2
margin/left = 330.0
margin/top = 36.0
margin/right = 401.0
margin/bottom = 56.0
toggle_mode = false
enabled_focus_mode = 2
shortcut = null
text = "See the sources"
flat = false
script/script = SubResource( 12 )

[node name="Button2" type="Button" parent="."]

focus/ignore_mouse = false
focus/stop_mouse = true
size_flags/horizontal = 2
size_flags/vertical = 2
margin/left = 330.0
margin/top = 63.0
margin/right = 444.0
margin/bottom = 83.0
toggle_mode = false
enabled_focus_mode = 2
shortcut = null
text = "See Godot Engine website"
flat = false
script/script = SubResource( 13 )

[node name="Button4" type="Button" parent="."]

focus/ignore_mouse = false
focus/stop_mouse = true
size_flags/horizontal = 2
size_flags/vertical = 2
margin/left = 330.0
margin/top = 91.0
margin/right = 508.0
margin/bottom = 111.0
toggle_mode = false
enabled_focus_mode = 2
shortcut = null
text = "See Krita website"
flat = false
script/script = SubResource( 14 )

[node name="Button3" type="Button" parent="."]

focus/ignore_mouse = false
focus/stop_mouse = true
size_flags/horizontal = 2
size_flags/vertical = 2
margin/left = 330.0
margin/top = 127.0
margin/right = 508.0
margin/bottom = 147.0
toggle_mode = false
enabled_focus_mode = 2
shortcut = null
text = "Say bye !"
flat = false
script/script = SubResource( 15 )


[editable path="player"]
