[gd_scene load_steps=9 format=1]

[ext_resource path="res://scenes/tileset/rocks.png" type="Texture" id=1]
[ext_resource path="res://scenes/tileset/plaque.png" type="Texture" id=2]
[ext_resource path="res://scenes/tileset/trap.png" type="Texture" id=3]

[sub_resource type="RectangleShape2D" id=1]

custom_solver_bias = 0.0
extents = Vector2( 16, 16 )

[sub_resource type="OccluderPolygon2D" id=2]

closed = true
cull_mode = 0
polygon = Vector2Array( -5, -16, -5, 16, 4, 16, 4, -16 )

[sub_resource type="OccluderPolygon2D" id=3]

closed = true
cull_mode = 0
polygon = Vector2Array( -16, -16, -16, 16, 16, 16, 16, -16 )

[sub_resource type="ConvexPolygonShape2D" id=5]

custom_solver_bias = 0.0
points = Vector2Array( 16, -16, 16, 16, -16, 16, -16, -16 )

[sub_resource type="OccluderPolygon2D" id=4]

closed = true
cull_mode = 0
polygon = Vector2Array( -16, -4, 16, -4, 16, 5, -16, 5 )

[node name="Node2D" type="Node2D"]

[node name="1" type="Sprite" parent="."]

texture = ExtResource( 1 )

[node name="occluder_v" type="Sprite" parent="."]

visibility/light_mask = 3
transform/pos = Vector2( 40, 0 )
texture = ExtResource( 2 )

[node name="body" type="StaticBody2D" parent="occluder_v"]

input/pickable = false
shapes/0/shape = SubResource( 1 )
shapes/0/transform = Matrix32( 1, 0, 0, 1, 0, 0 )
shapes/0/trigger = false
collision/layers = 1
collision/mask = 1
constant_linear_velocity = Vector2( 0, 0 )
constant_angular_velocity = 0.0
friction = 1.0
bounce = 0.0

[node name="CollisionShape2D" type="CollisionShape2D" parent="occluder_v/body"]

shape = SubResource( 1 )
trigger = false
_update_shape_index = 0

[node name="LightOccluder2D" type="LightOccluder2D" parent="occluder_v"]

occluder = SubResource( 2 )
light_mask = 1

[node name="3" type="Sprite" parent="."]

transform/pos = Vector2( 80, 0 )
texture = ExtResource( 2 )

[node name="LightOccluder2D" type="LightOccluder2D" parent="3"]

occluder = SubResource( 3 )
light_mask = 1

[node name="StaticBody2D" type="StaticBody2D" parent="3"]

input/pickable = false
shapes/0/shape = SubResource( 5 )
shapes/0/transform = Matrix32( 1, 0, 0, 1, 0, 0 )
shapes/0/trigger = false
collision/layers = 1
collision/mask = 1
constant_linear_velocity = Vector2( 0, 0 )
constant_angular_velocity = 0.0
friction = 1.0
bounce = 0.0

[node name="CollisionPolygon2D" type="CollisionPolygon2D" parent="3/StaticBody2D"]

build_mode = 0
polygon = Vector2Array( -16, -16, -16, 16, 16, 16, 16, -16 )
shape_range = Vector2( 0, 0 )
trigger = false

[node name="4" type="Sprite" parent="."]

transform/pos = Vector2( 128, 0 )
texture = ExtResource( 3 )

[node name="occluder_h" type="Sprite" parent="."]

transform/pos = Vector2( 40, 40 )
texture = ExtResource( 2 )

[node name="body" type="StaticBody2D" parent="occluder_h"]

input/pickable = false
shapes/0/shape = SubResource( 1 )
shapes/0/transform = Matrix32( 1, 0, 0, 1, 0, 0 )
shapes/0/trigger = false
collision/layers = 1
collision/mask = 1
constant_linear_velocity = Vector2( 0, 0 )
constant_angular_velocity = 0.0
friction = 1.0
bounce = 0.0

[node name="CollisionShape2D" type="CollisionShape2D" parent="occluder_h/body"]

shape = SubResource( 1 )
trigger = false
_update_shape_index = 0

[node name="LightOccluder2D" type="LightOccluder2D" parent="occluder_h"]

occluder = SubResource( 4 )
light_mask = 1

[node name="no_occluder" type="Sprite" parent="."]

transform/pos = Vector2( 40, 80 )
texture = ExtResource( 2 )

[node name="body" type="StaticBody2D" parent="no_occluder"]

input/pickable = false
shapes/0/shape = SubResource( 1 )
shapes/0/transform = Matrix32( 1, 0, 0, 1, 0, 0 )
shapes/0/trigger = false
collision/layers = 1
collision/mask = 1
constant_linear_velocity = Vector2( 0, 0 )
constant_angular_velocity = 0.0
friction = 1.0
bounce = 0.0

[node name="CollisionShape2D" type="CollisionShape2D" parent="no_occluder/body"]

shape = SubResource( 1 )
trigger = false
_update_shape_index = 0


