[gd_scene load_steps=17 format=1]

[ext_resource path="res://scenes/splash/pyramid_bg.png" type="Texture" id=1]
[ext_resource path="res://scenes/splash/pyramid.png" type="Texture" id=2]

[sub_resource type="GDScript" id=1]

script/source = "\nextends Node2D\n\n# member variables here, example:\n# var a=2\n# var b=\"textvar\"\n\nfunc _ready():\n\t# Called every time the node is added to the scene.\n\t# Initialization here\n\tget_node(\"/root/persistent\").reinit()\n\tpass\n\n\n"

[sub_resource type="GDScript" id=10]

script/source = "\nextends Node2D\n\n# member variables here, example:\n# var a=2\n# var b=\"textvar\"\n\nfunc _ready():\n\t# Called every time the node is added to the scene.\n\t# Initialization here\n\tpass\n\t\nfunc set_disabled( b ):\n\tget_node(\"new\").set_disabled(b)\n\tget_node(\"controls\").set_disabled(b)\n\tget_node(\"load\").set_disabled(b)\n\tget_node(\"levels\").set_disabled(b)\n\n\n"

[sub_resource type="StyleBoxFlat" id=2]

content_margin/left = -1.0
content_margin/right = -1.0
content_margin/top = -1.0
content_margin/bottom = -1.0
bg_color = Color( 0.984375, 0.895935, 0.895935, 0.0539309 )
light_color = Color( 0.8, 0.8, 0.8, 1 )
dark_color = Color( 0.8, 0.8, 0.8, 1 )
border_size = 2
border_blend = true
draw_bg = true

[sub_resource type="StyleBoxFlat" id=3]

content_margin/left = -1.0
content_margin/right = -1.0
content_margin/top = -1.0
content_margin/bottom = -1.0
bg_color = Color( 0.6, 0.6, 0.6, 0.340555 )
light_color = Color( 0.8, 0.8, 0.8, 1 )
dark_color = Color( 0.8, 0.8, 0.8, 1 )
border_size = 0
border_blend = true
draw_bg = true

[sub_resource type="GDScript" id=4]

script/source = "\nextends Button\n\nvar tutorial = preload(\"res://scenes/levels/tutorial.tscn\")\n\nfunc _ready():\n\t# Called every time the node is added to the scene.\n\t# Initialization here\n\tconnect(\"pressed\", self, \"_on_pressed\")\n\t\n\tpass\n\nfunc _on_pressed():\n\tget_node(\"/root/scene_manager\").goto_instance( tutorial.instance() )"

[sub_resource type="GDScript" id=5]

script/source = "\nextends Button\n\n# member variables here, example:\n# var a=2\n# var b=\"textvar\"\n\nfunc _ready():\n\t# Called every time the node is added to the scene.\n\t# Initialization here\n\tconnect(\"pressed\", self, \"_on_pressed\")\n\tpass\n\t\nfunc _on_pressed():\n\tget_node(\"/root/persistent\").load_a_save()\n\n\n"

[sub_resource type="GDScript" id=11]

script/source = "\nextends Node2D\n\n# member variables here, example:\n# var a=2\n# var b=\"textvar\"\n\nfunc _ready():\n\t# Called every time the node is added to the scene.\n\t# Initialization here\n\tpass\n\nfunc set_disabled( b ):\n\tget_node(\"back\").set_disabled(b)\n"

[sub_resource type="GDScript" id=12]

script/source = "\nextends Node2D\n\n# member variables here, example:\n# var a=2\n# var b=\"textvar\"\n\nfunc _ready():\n\t# Called every time the node is added to the scene.\n\t# Initialization here\n\tpass\n\n\t\nfunc set_disabled( b ):\n\tget_node(\"back1\").set_disabled(b)\n\n"

[sub_resource type="GDScript" id=6]

script/source = "\nextends GridContainer\n\n# member variables here, example:\n# var a=2\n# var b=\"textvar\"\n\nfunc _ready():\n\t# Called every time the node is added to the scene.\n\t# Initialization here\n\tfor i in range(0, get_node(\"/root/persistent\").NB_LEVELS):\n\t\tvar button = Button.new()\n\t\tif i == 0 :\n\t\t\tbutton.set_text(\"Tutorial\")\n\t\telse :\n\t\t\tbutton.set_text( \"Stage \" + str(i) )\n\t\tbutton.connect(\"pressed\", self, \"_on_pressed\")\n\t\tadd_child(button)\n\tpass\n\t\nfunc _on_pressed():\n\t# Find the pressed button\n\tvar children = get_children()\n\tvar count = 0\n\tfor b in children :\n\t\tif b.is_pressed():\n\t\t\tvar scene = null\n\t\t\tif count == 0 :\n\t\t\t\tscene = ResourceLoader.load(\"res://scenes/levels/tutorial.tscn\").instance()\n\t\t\telse :\n\t\t\t\tscene = ResourceLoader.load(\"res://scenes/levels/stage_\" + str(count)+\".tscn\").instance()\n\t\t\tget_node(\"/root/scene_manager\").goto_instance(scene)\n\t\t\tbreak\n\t\tcount += 1\n\n\n"

[sub_resource type="Animation" id=7]

length = 1.0
loop = false
step = 0.1
tracks/0/type = "value"
tracks/0/path = NodePath("Camera2D:transform/pos")
tracks/0/interp = 1
tracks/0/imported = false
tracks/0/keys = { "times":FloatArray( 0, 1 ), "transitions":FloatArray( 1, 1 ), "update":0, "values":[ Vector2( 488, 312 ), Vector2( 1640, 344 ) ] }
tracks/1/type = "method"
tracks/1/path = NodePath("1")
tracks/1/interp = 1
tracks/1/imported = false
tracks/1/keys = { "times":FloatArray( 0 ), "transitions":FloatArray( 1 ), "values":[ { "args":[ true ], "method":"set_disabled" } ] }
tracks/2/type = "method"
tracks/2/path = NodePath("2")
tracks/2/interp = 1
tracks/2/imported = false
tracks/2/keys = { "times":FloatArray( 0 ), "transitions":FloatArray( 1 ), "values":[ { "args":[ false ], "method":"set_disabled" } ] }

[sub_resource type="Animation" id=14]

resource/name = "controls_r"
length = 1.0
loop = false
step = 0.1
tracks/0/type = "value"
tracks/0/path = NodePath("Camera2D:transform/pos")
tracks/0/interp = 1
tracks/0/imported = false
tracks/0/keys = { "times":FloatArray( 0, 1 ), "transitions":FloatArray( 1, 1 ), "update":0, "values":[ Vector2( 1640, 344 ), Vector2( 488, 312 ) ] }
tracks/1/type = "method"
tracks/1/path = NodePath("1")
tracks/1/interp = 1
tracks/1/imported = false
tracks/1/keys = { "times":FloatArray( 0 ), "transitions":FloatArray( 1 ), "values":[ { "args":[ false ], "method":"set_disabled" } ] }
tracks/2/type = "method"
tracks/2/path = NodePath("2")
tracks/2/interp = 1
tracks/2/imported = false
tracks/2/keys = { "times":FloatArray( 0 ), "transitions":FloatArray( 1 ), "values":[ { "args":[ true ], "method":"set_disabled" } ] }

[sub_resource type="Animation" id=8]

resource/name = "levels"
length = 1.0
loop = false
step = 0.1
tracks/0/type = "value"
tracks/0/path = NodePath("Camera2D:transform/pos")
tracks/0/interp = 1
tracks/0/imported = false
tracks/0/keys = { "times":FloatArray( 0, 1 ), "transitions":FloatArray( 1, 1 ), "update":0, "values":[ Vector2( 504, 304 ), Vector2( 520, 1040 ) ] }
tracks/1/type = "method"
tracks/1/path = NodePath("1")
tracks/1/interp = 1
tracks/1/imported = false
tracks/1/keys = { "times":FloatArray( 0 ), "transitions":FloatArray( 1 ), "values":[ { "args":[ true ], "method":"set_disabled" } ] }
tracks/2/type = "method"
tracks/2/path = NodePath("3")
tracks/2/interp = 1
tracks/2/imported = false
tracks/2/keys = { "times":FloatArray( 0 ), "transitions":FloatArray( 1 ), "values":[ { "args":[ false ], "method":"set_disabled" } ] }

[sub_resource type="Animation" id=13]

resource/name = "levels_r"
length = 1.0
loop = false
step = 0.1
tracks/0/type = "value"
tracks/0/path = NodePath("Camera2D:transform/pos")
tracks/0/interp = 1
tracks/0/imported = false
tracks/0/keys = { "times":FloatArray( 0, 1 ), "transitions":FloatArray( 1, 1 ), "update":0, "values":[ Vector2( 520, 1040 ), Vector2( 504, 304 ) ] }
tracks/1/type = "method"
tracks/1/path = NodePath("1")
tracks/1/interp = 1
tracks/1/imported = false
tracks/1/keys = { "times":FloatArray( 0 ), "transitions":FloatArray( 1 ), "values":[ { "args":[ false ], "method":"set_disabled" } ] }
tracks/2/type = "method"
tracks/2/path = NodePath("3")
tracks/2/interp = 1
tracks/2/imported = false
tracks/2/keys = { "times":FloatArray( 0 ), "transitions":FloatArray( 1 ), "values":[ { "args":[ true ], "method":"set_disabled" } ] }

[sub_resource type="GDScript" id=9]

script/source = "\nextends AnimationPlayer\n\n# member variables here, example:\n# var a=2\n# var b=\"textvar\"\n\nfunc _ready():\n\t# Called every time the node is added to the scene.\n\t# Initialization here\n\tpass\n\n\n\n\nfunc _on_back_pressed():\n\tplay(\"controls_r\")\n\tpass # replace with function body\n\n\nfunc _on_controls_pressed():\n\tplay(\"controls\")\n\tpass # replace with function body\n\n\nfunc _on_levels_pressed():\n\tplay(\"levels\")\n\tpass # replace with function body\n\n\nfunc _on_back1_pressed():\n\tplay(\"levels_r\")\n\tpass # replace with function body\n"

[node name="Title" type="Node2D"]

script/script = SubResource( 1 )

[node name="1" type="Node2D" parent="."]

script/script = SubResource( 10 )

[node name="Sprite" type="Sprite" parent="1"]

transform/scale = Vector2( 1.14667, 1 )
texture = ExtResource( 1 )
centered = false

[node name="pyramid" type="Sprite" parent="1"]

transform/pos = Vector2( 16, -72 )
texture = ExtResource( 2 )
centered = false

[node name="Label" type="Label" parent="1"]

rect/scale = Vector2( 4, 4 )
focus/ignore_mouse = true
focus/stop_mouse = true
size_flags/horizontal = 2
size_flags/vertical = 0
margin/left = 80.0
margin/top = 24.0
margin/right = 288.0
margin/bottom = 38.0
custom_colors/font_color = Color( 0.402344, 0.0848694, 0.0848694, 1 )
custom_colors/font_color_shadow = Color( 1, 1, 1, 1 )
text = "LDJAM_36 : Escape the Pyramid !"
percent_visible = 1.0
lines_skipped = 0
max_lines_visible = -1

[node name="new" type="Button" parent="1"]

rect/scale = Vector2( 2, 2 )
focus/ignore_mouse = false
focus/stop_mouse = true
size_flags/horizontal = 2
size_flags/vertical = 2
margin/left = 216.0
margin/top = 520.0
margin/right = 456.0
margin/bottom = 550.0
custom_styles/hover = SubResource( 2 )
custom_styles/pressed = SubResource( 3 )
toggle_mode = false
enabled_focus_mode = 2
shortcut = null
text = "New Game"
flat = true
clip_text = true
script/script = SubResource( 4 )

[node name="controls" type="Button" parent="1"]

rect/scale = Vector2( 2, 2 )
focus/ignore_mouse = false
focus/stop_mouse = true
size_flags/horizontal = 2
size_flags/vertical = 2
margin/left = 288.0
margin/top = 344.0
margin/right = 456.0
margin/bottom = 374.0
custom_styles/hover = SubResource( 2 )
custom_styles/pressed = SubResource( 3 )
toggle_mode = false
enabled_focus_mode = 2
shortcut = null
text = "Controls"
flat = true
clip_text = true

[node name="load" type="Button" parent="1"]

rect/scale = Vector2( 2, 2 )
focus/ignore_mouse = false
focus/stop_mouse = true
size_flags/horizontal = 2
size_flags/vertical = 2
margin/left = 256.0
margin/top = 432.0
margin/right = 460.0
margin/bottom = 462.0
custom_styles/hover = SubResource( 2 )
custom_styles/pressed = SubResource( 3 )
toggle_mode = false
enabled_focus_mode = 2
shortcut = null
text = "Load last save"
flat = true
clip_text = true
script/script = SubResource( 5 )

[node name="levels" type="Button" parent="1"]

rect/scale = Vector2( 2, 2 )
focus/ignore_mouse = false
focus/stop_mouse = true
size_flags/horizontal = 2
size_flags/vertical = 2
margin/left = 344.0
margin/top = 256.0
margin/right = 460.0
margin/bottom = 286.0
custom_styles/hover = SubResource( 2 )
custom_styles/pressed = SubResource( 3 )
toggle_mode = false
enabled_focus_mode = 2
shortcut = null
text = "Select Level"
flat = true
clip_text = true

[node name="2" type="Node2D" parent="."]

script/script = SubResource( 11 )

[node name="Sprite1" type="Sprite" parent="2"]

transform/pos = Vector2( 1032, 0 )
transform/scale = Vector2( 1.14667, 1 )
texture = ExtResource( 1 )
centered = false

[node name="controls 2" type="RichTextLabel" parent="2"]

rect/scale = Vector2( 4, 4 )
focus/ignore_mouse = false
focus/stop_mouse = true
size_flags/horizontal = 2
size_flags/vertical = 2
margin/left = 1136.0
margin/top = 80.0
margin/right = 1352.0
margin/bottom = 168.0
bbcode/enabled = true
bbcode/bbcode = "[color=blue] Controls [/color]\n[color=red] Press E to act\n Press ZQSD / WASD to move\n Click to hook \n Keep Shift pressed to run[/color]"
visible_characters = -1

[node name="back" type="Button" parent="2"]

rect/scale = Vector2( 2, 2 )
focus/ignore_mouse = false
focus/stop_mouse = true
size_flags/horizontal = 2
size_flags/vertical = 2
margin/left = 1768.0
margin/top = 512.0
margin/right = 1904.0
margin/bottom = 552.0
custom_styles/hover = SubResource( 2 )
custom_styles/pressed = SubResource( 3 )
toggle_mode = false
enabled_focus_mode = 2
shortcut = null
text = "Back"
flat = true
clip_text = true

[node name="3" type="Node2D" parent="."]

script/script = SubResource( 12 )

[node name="Sprite1" type="Sprite" parent="3"]

transform/pos = Vector2( 0, 680 )
transform/scale = Vector2( 1.14667, 1 )
texture = ExtResource( 1 )
centered = false

[node name="GridContainer" type="GridContainer" parent="3"]

focus/ignore_mouse = false
focus/stop_mouse = false
size_flags/horizontal = 2
size_flags/vertical = 2
margin/left = 144.0
margin/top = 776.0
margin/right = 872.0
margin/bottom = 1168.0
custom_constants/vseparation = 15
custom_constants/hseparation = 30
columns = 3
script/script = SubResource( 6 )

[node name="back1" type="Button" parent="3"]

rect/scale = Vector2( 2, 2 )
focus/ignore_mouse = false
focus/stop_mouse = true
size_flags/horizontal = 2
size_flags/vertical = 2
margin/left = 656.0
margin/top = 1120.0
margin/right = 792.0
margin/bottom = 1160.0
custom_styles/hover = SubResource( 2 )
custom_styles/pressed = SubResource( 3 )
toggle_mode = false
enabled_focus_mode = 2
shortcut = null
text = "Back"
flat = true
clip_text = true

[node name="Camera2D" type="Camera2D" parent="."]

transform/pos = Vector2( 488, 312 )
anchor_mode = 1
rotating = false
current = true
zoom = Vector2( 1, 1 )
limit/left = -10000000
limit/top = -10000000
limit/right = 10000000
limit/bottom = 10000000
drag_margin/h_enabled = true
drag_margin/v_enabled = true
smoothing/enable = false
smoothing/speed = 5.0
drag_margin/left = 0.2
drag_margin/top = 0.2
drag_margin/right = 0.2
drag_margin/bottom = 0.2

[node name="AnimationPlayer" type="AnimationPlayer" parent="."]

playback/process_mode = 1
playback/default_blend_time = 0.0
root/root = NodePath("..")
anims/controls = SubResource( 7 )
anims/controls_r = SubResource( 14 )
anims/levels = SubResource( 8 )
anims/levels_r = SubResource( 13 )
next/controls_r = ""
next/levels_r = ""
playback/active = true
playback/speed = 1.0
blend_times = [  ]
autoplay = ""
script/script = SubResource( 9 )

[node name="Node2D" type="Node2D" parent="."]

[connection signal="pressed" from="1/controls" to="AnimationPlayer" method="_on_controls_pressed"]

[connection signal="pressed" from="1/levels" to="AnimationPlayer" method="_on_levels_pressed"]

[connection signal="pressed" from="2/back" to="AnimationPlayer" method="_on_back_pressed"]

[connection signal="pressed" from="3/back1" to="AnimationPlayer" method="_on_back1_pressed"]


